@article{ ELFSpec,
	author = {Tool Interface Standards commitee (TIS)},
	title = {Executable and Linkable Format (ELF)},
	series = {TIS standard Portable Formats Specification},
	volume = {1.1},
	month = {May},
	year = {1995},
	urldate = {2020-12-03}
}

@online{ ELFWiki,
    author = {Wikipedia contributors},
	organization = {Wikimedia Foundation},
    title = {Executable and Linkable Format --- {Wikipedia}{,} The Free Encyclopedia},
    year = {2020},
	month = {November},
	day = {4},
    url = {https://en.wikipedia.org/w/index.php?title=Executable_and_Linkable_Format&oldid=987064905},
    urldate = {2020-12-03}
}

@online{ LinkerWiki,
    author = {Wikipedia contributors},
	organization = {Wikimedia Foundation},
    title = {Linker (computing) --- {Wikipedia}{,} The Free Encyclopedia},
    year = {2020},
	month = {November},
	day = {27},
    url = {https://en.wikipedia.org/w/index.php?title=Linker_(computing)&oldid=990946784},
	urldate = {2020-12-03}
}

@online{ X86Wiki,
	author = {Wikipedia contributors},
	organization = {Wikimedia Foundation},
	title = {X86-64 --- {Wikipedia}{,} The Free Encyclopedia},
	year = {2020},
	month = {November},
	day = {8},
	url = {https://en.wikipedia.org/w/index.php?title=X86-64&oldid=987698018},
	urldate = {2020-12-03}
}

@online{ ExecutableWiki,
	author = {Wikipedia contributors},
	organization = {Wikimedia Foundation},
	title = {Executable --- {Wikipedia}{,} The Free Encyclopedia},
	year = {2020},
	month = {November},
	day = {29},
	url = {https://en.wikipedia.org/w/index.php?title=Executable&oldid=991287717},
	urldate = {2020-12-03}
}
